@ARTICLE{bowman:reasoning,
	AUTHOR = "Mic Bowman and Saumya K. Debray and Larry L. Peterson",
	TITLE = "Reasoning About Naming Systems",
	JOURNAL = "ACM Trans. Program. Lang. Syst.",
	VOLUME = {15},
	NUMBER = {5},
	PAGES = {795-825},
	MONTH = "November",
	YEAR = {1993}}

@ARTICLE{dye:hookup,
	AUTHOR = "Dye, Lee",
	TITLE = "Want to Have a Hookup? What Does It Mean?",
	JOURNAL = "ABC News",
	VOLUME = {},
	NUMBER = {},
	PAGES = {},
	MONTH = "September",
	YEAR = {2011}}

@ARTICLE{olson:hookingup,
	AUTHOR = "Olson, Amanda J.",
	TITLE = "Talk about "Hooking Up": How College Students' Accounts of "Hooking Up" in Social Networks Influences Engaging in Risky Sexual Behavior. ",
	JOURNAL = "",
	VOLUME = {},
	NUMBER = {},
	PAGES = {},
	MONTH = "May",
	YEAR = {2009}}

@ARTICLE{olson:hookingup,
	AUTHOR = "Olson, Amanda J.",
	TITLE = "Talk about "Hooking Up": How College Students' Accounts of "Hooking Up" in Social Networks Influences Engaging in Risky Sexual Behavior. ",
	JOURNAL = "",
	VOLUME = {},
	NUMBER = {},
	PAGES = {},
	MONTH = "May",
	YEAR = {2009}}

@INPROCEEDINGS{clark:pct,
	AUTHOR = "Malcolm Clark",
	TITLE = "Post Congress Tristesse",
	BOOKTITLE = "TeX90 Conference Proceedings",
	PAGES = "84-89",
	ORGANIZATION = "TeX Users Group",
	MONTH = "March", 
	YEAR = {1991}}

@BOOK{salas:calculus,
	AUTHOR = "S.L. Salas and Einar Hille",
	TITLE = "Calculus: One and Several Variable",
	PUBLISHER = "John Wiley and Sons",
	ADDRESS = "New York",
	YEAR = "1978"}






