% You need to put your own references in here. I have added the 
% Task paper from 2014.

% The ACL Anthology (http://aclweb.org/anthology/) includes the bibtex
% entries for all of the papers published there if you need help writing
% the bibtex.

@InProceedings{rosenthal-EtAl:2014:SemEval,
  author    = {Rosenthal, Sara  and  Ritter, Alan  and  Nakov, Preslav  and  Stoyanov, Veselin},
  title     = {SemEval-2014 Task 9: Sentiment Analysis in Twitter},
  booktitle = {Proceedings of the 8th International Workshop on Semantic Evaluation (SemEval 2014)},
  month     = {August},
  year      = {2014},
  address   = {Dublin, Ireland},
  publisher = {Association for Computational Linguistics and Dublin City University},
  pages     = {73--80},
  url       = {http://www.aclweb.org/anthology/S14-2009}
}

@Manual{APA:83,
  title = 	 {Publication Manual},
  author = 	 {American Psychological Association},
  organization = {American Psychological Association},
  address = 	 {Washington, DC},
  year = 	 1983}

@Book{Aho:72,
  author = 	 {Aho, Alfred V. and Ullman, Jeffrey D.},
  title = 	 {The Theory of Parsing, Translation and Compiling},
  publisher = 	 {Prentice-Hall},
  year = 	 1972,
  volume = 	 1,
  address = 	 {Englewood Cliffs, NJ}}


@Article{ACM:83,
  author = 	 {Association for Computing Machinery},
  title = 	 {Computing Reviews},
  journal = 	 {Journal of the Association for Computing Machinery},
  year = 	 1983,
  volume =	 24,
  number =	 11,
  pages =	 {503--512}
}


@Article{Chandra:81,
  author = 	 {Chandra, Ashok K. and Kozen, Dexter C. and Stockmeyer, Larry J.},
  title = 	 {Alternation},
  journal = 	 {Journal of the Association for Computing Machinery},
  year = 	 1981,
  volume = 	 28,
  number = 	 1,
  pages = 	 {114-133}}

@Book{Gusfield:97,
  author = 	 {Gusfield, Dan},
  title = 	 {Algorithms on Strings, Trees and Sequences},
  publisher = 	 {Cambridge University Press},
  year = 	 1997,
  address = 	 {Cambridge, UK}}

@Article{Denis:2014:SemEval,
  author = {Alexandre Denis, Samuel Cruz-Lara, Nadia Bellalem and Lotfi Bellalem},
  title = {Synalp-Empathic: A Valence Shifting Hybrid System for Sentiment Analysis},
  publisher = {Association for Computational Linguistics},
  month = {August},
  year = {2014},
  pages = {605-609},
  address = {Dublin, Ireland},
  url = {http://aclweb.org/anthology/S14-2106}}

@Article{Amir:2014:SemEval,
  author = {Silvio Amir and Miguel B. Almeida and Bruno Martins and Jo√£o Filgueiras and Mario J. Silva},
  title = {TUGAS: Exploiting unlabelled data for Twitter sentiment analysis},
  publisher = {Association for Computational Linguistics},
  month = {August},
  year = {2014},
  address = {Dublin, Ireland},
  pages = {673-677},
  url = {http://aclweb.org/anthology/S14-2120}}

@Article{Miura:2014:SemEval,
  author = {Yasuhide Miura and Shigeyuki Sakaki and Keigo Hattori and Tomoko Ohkuma},
  title = {TeamX: A Sentiment Analyzer with Enhanced Lexicon Mapping and Weighting Scheme for Unbalanced Data},
  publisher = {Association for Computational Linguistics},
  month = {August},
  year = {2014},
  address = {Dublin, Ireland},
  pages = {628-632},
  url = {http://aclweb.org/anthology/S14-2111}}

@Article{Hemalatha:12,
  author = {Hemalatha, I. and Saradhi Varma, G.P. and Govardhan, A.},
  journal = {International Journal of Emerging Trends \& Technology in Computer Science (IJETTCS)},
  title = {Preprocessing the Informal Text for efficient Sentiment Analysis},
  volume = {1},
  year = {2012},
  pages = {58-61},
  url = {http://www.ijettcs.org/Volume1Issue2/IJETTCS-2012-08-14-047.pdf}}
  

  

 
